%% This BibTeX bibliography file was created using BibDesk.
%% http://bibdesk.sourceforge.net/


%% Created for Bruno Motta at 2014-05-05 23:29:37 -0300 


%% Saved with string encoding Unicode (UTF-8) 



@article{saas,
	Author = {C{\'a}ssio A Melo, Daniel F Arcoverde, {\'E}frem RA Moraes, Jo{\~a}o HC Pimentel, Rodrigo Q Freitas},
	Date-Added = {2014-05-05 23:25:09 -0300},
	Date-Modified = {2014-05-05 23:26:56 -0300},
	Journal = {Centro de Inform{\'a}tica -- Universidade Federal de Pernambuco (UFPE)},
	Title = {Software como Servi{\c c}o: Um Modelo de Neg{\'o}cio Emergente},
	Year = {2007},
	Bdsk-File-1 = {YnBsaXN0MDDUAQIDBAUGJCVYJHZlcnNpb25YJG9iamVjdHNZJGFyY2hpdmVyVCR0b3ASAAGGoKgHCBMUFRYaIVUkbnVsbNMJCgsMDRBWJGNsYXNzV05TLmtleXNaTlMub2JqZWN0c4AHog4PgAKAA6IREoAEgAVccmVsYXRpdmVQYXRoWWFsaWFzRGF0YW8QMwAuAC4ALwAuAC4ALwAuAC4ALwBwAHUAYwAvAFQAQwBDAC8AQQByAHQAaQBnAG8AcwAvAFMAbwBmAHQAdwBhAHIAZQAgAGMAbwBtAG8AIABTAGUAcgB2AGkAYwMnAG8ALgBwAGQAZtIJFxgZV05TLmRhdGGABk8RAdAAAAAAAdAAAgAADE1hY2ludG9zaCBIRAAAAAAAAAAAAAAAAAAAAM4s6/pIKwAAASAEExlTb2Z0d2FyZSBjb21vIFNlcnZpjW8ucGRmAAAAAAAAAAAAAAAAAAAAAAAAAAAAAAAAAAAAAAAAAAAAAAAAAAABIDSOz4EfuQAAAAAAAAAAAAEAAgAACSAAAAAAAAAAAAAAAAAAAAAHQXJ0aWdvcwAAEAAIAADOLRYqAAAAEQAIAADPgUnpAAAAAQAYASAEEwC7JxYAuycVALsm3AA4QpMAAJPxAAIASk1hY2ludG9zaCBIRDpVc2VyczpCcnVubzpEcm9wYm94OlBVQzpUQ0M6QXJ0aWdvczpTb2Z0d2FyZSBjb21vIFNlcnZpjW8ucGRmAA4ANgAaAFMAbwBmAHQAdwBhAHIAZQAgAGMAbwBtAG8AIABTAGUAcgB2AGkAYwMnAG8ALgBwAGQAZgAPABoADABNAGEAYwBpAG4AdABvAHMAaAAgAEgARAASAD9Vc2Vycy9CcnVuby9Ecm9wYm94L3B1Yy9UQ0MvQXJ0aWdvcy9Tb2Z0d2FyZSBjb21vIFNlcnZpY8ynby5wZGYAABMAAS8AABUAAgAM//8AANIbHB0eWiRjbGFzc25hbWVYJGNsYXNzZXNdTlNNdXRhYmxlRGF0YaMdHyBWTlNEYXRhWE5TT2JqZWN00hscIiNcTlNEaWN0aW9uYXJ5oiIgXxAPTlNLZXllZEFyY2hpdmVy0SYnVHJvb3SAAQAIABEAGgAjAC0AMgA3AEAARgBNAFQAXABnAGkAbABuAHAAcwB1AHcAhACOAPcA/AEEAQYC2gLfAuoC8wMBAwUDDAMVAxoDJwMqAzwDPwNEAAAAAAAAAgEAAAAAAAAAKAAAAAAAAAAAAAAAAAAAA0Y=}}

@article{web2.0,
	Author = {Tim O'Reilly},
	Date-Added = {2014-05-05 23:23:16 -0300},
	Date-Modified = {2014-05-05 23:24:56 -0300},
	Title = {O que {\'e} Web 2.0},
	Year = {2005},
	Bdsk-File-1 = {YnBsaXN0MDDUAQIDBAUGJCVYJHZlcnNpb25YJG9iamVjdHNZJGFyY2hpdmVyVCR0b3ASAAGGoKgHCBMUFRYaIVUkbnVsbNMJCgsMDRBWJGNsYXNzV05TLmtleXNaTlMub2JqZWN0c4AHog4PgAKAA6IREoAEgAVccmVsYXRpdmVQYXRoWWFsaWFzRGF0YV8QKy4uLy4uLy4uL3B1Yy9UQ0MvQXJ0aWdvcy9vLXF1ZS1lLXdlYi0yMC5wZGbSCRcYGVdOUy5kYXRhgAZPEQGwAAAAAAGwAAIAAAxNYWNpbnRvc2ggSEQAAAAAAAAAAAAAAAAAAADOLOv6SCsAAAEgBBMSby1xdWUtZS13ZWItMjAucGRmAAAAAAAAAAAAAAAAAAAAAAAAAAAAAAAAAAAAAAAAAAAAAAAAAAAAAAAAAAAAASAEQM+AxJ0AAAAAAAAAAAABAAIAAAkgAAAAAAAAAAAAAAAAAAAAB0FydGlnb3MAABAACAAAzi0WKgAAABEACAAAz4DuzQAAAAEAGAEgBBMAuycWALsnFQC7JtwAOEKTAACT8QACAENNYWNpbnRvc2ggSEQ6VXNlcnM6QnJ1bm86RHJvcGJveDpQVUM6VENDOkFydGlnb3M6by1xdWUtZS13ZWItMjAucGRmAAAOACYAEgBvAC0AcQB1AGUALQBlAC0AdwBlAGIALQAyADAALgBwAGQAZgAPABoADABNAGEAYwBpAG4AdABvAHMAaAAgAEgARAASADZVc2Vycy9CcnVuby9Ecm9wYm94L3B1Yy9UQ0MvQXJ0aWdvcy9vLXF1ZS1lLXdlYi0yMC5wZGYAEwABLwAAFQACAAz//wAA0hscHR5aJGNsYXNzbmFtZVgkY2xhc3Nlc11OU011dGFibGVEYXRhox0fIFZOU0RhdGFYTlNPYmplY3TSGxwiI1xOU0RpY3Rpb25hcnmiIiBfEA9OU0tleWVkQXJjaGl2ZXLRJidUcm9vdIABAAgAEQAaACMALQAyADcAQABGAE0AVABcAGcAaQBsAG4AcABzAHUAdwCEAI4AvADBAMkAywJ/AoQCjwKYAqYCqgKxAroCvwLMAs8C4QLkAukAAAAAAAACAQAAAAAAAAAoAAAAAAAAAAAAAAAAAAAC6w==}}

@article{nuvem2,
	Author = {Paulo HC Pedrosa, Tiago Nogueira},
	Date-Added = {2014-05-05 23:19:34 -0300},
	Date-Modified = {2014-05-05 23:23:11 -0300},
	Title = {Computa{\c c}{\~a}o em Nuvem},
	Volume = {2},
	Year = {2011},
	Bdsk-File-1 = {YnBsaXN0MDDUAQIDBAUGJCVYJHZlcnNpb25YJG9iamVjdHNZJGFyY2hpdmVyVCR0b3ASAAGGoKgHCBMUFRYaIVUkbnVsbNMJCgsMDRBWJGNsYXNzV05TLmtleXNaTlMub2JqZWN0c4AHog4PgAKAA6IREoAEgAVccmVsYXRpdmVQYXRoWWFsaWFzRGF0YW8QMgAuAC4ALwAuAC4ALwAuAC4ALwBwAHUAYwAvAFQAQwBDAC8AQQByAHQAaQBnAG8AcwAvAEMAbwBtAHAAdQB0AGEAYwMnAGEDAwBvACAAZQBtACAATgB1AHYAZQBtAC4AcABkAGbSCRcYGVdOUy5kYXRhgAZPEQHMAAAAAAHMAAIAAAxNYWNpbnRvc2ggSEQAAAAAAAAAAAAAAAAAAADOLOv6SCsAAAEgBBMXQ29tcHV0YY2LbyBlbSBOdXZlbS5wZGYAAAAAAAAAAAAAAAAAAAAAAAAAAAAAAAAAAAAAAAAAAAAAAAAAAAAAASAIbs+AxQgAAAAAAAAAAAABAAIAAAkgAAAAAAAAAAAAAAAAAAAAB0FydGlnb3MAABAACAAAzi0WKgAAABEACAAAz4DvOAAAAAEAGAEgBBMAuycWALsnFQC7JtwAOEKTAACT8QACAEhNYWNpbnRvc2ggSEQ6VXNlcnM6QnJ1bm86RHJvcGJveDpQVUM6VENDOkFydGlnb3M6Q29tcHV0YY2LbyBlbSBOdXZlbS5wZGYADgA0ABkAQwBvAG0AcAB1AHQAYQBjAycAYQMDAG8AIABlAG0AIABOAHUAdgBlAG0ALgBwAGQAZgAPABoADABNAGEAYwBpAG4AdABvAHMAaAAgAEgARAASAD9Vc2Vycy9CcnVuby9Ecm9wYm94L3B1Yy9UQ0MvQXJ0aWdvcy9Db21wdXRhY8ynYcyDbyBlbSBOdXZlbS5wZGYAABMAAS8AABUAAgAM//8AANIbHB0eWiRjbGFzc25hbWVYJGNsYXNzZXNdTlNNdXRhYmxlRGF0YaMdHyBWTlNEYXRhWE5TT2JqZWN00hscIiNcTlNEaWN0aW9uYXJ5oiIgXxAPTlNLZXllZEFyY2hpdmVy0SYnVHJvb3SAAQAIABEAGgAjAC0AMgA3AEAARgBNAFQAXABnAGkAbABuAHAAcwB1AHcAhACOAPUA+gECAQQC1ALZAuQC7QL7Av8DBgMPAxQDIQMkAzYDOQM+AAAAAAAAAgEAAAAAAAAAKAAAAAAAAAAAAAAAAAAAA0A=}}

@article{nuvem,
	Author = {Henrique Ruschel, Mariana Susan Zanotto, W{\'e}lton Costa da Mota},
	Date-Added = {2014-05-05 23:16:42 -0300},
	Date-Modified = {2014-05-05 23:18:16 -0300},
	Publisher = {Pontif{\'\i}cia Universidade Cat{\'o}lica do Parana},
	Title = {Computa{\c c}{\~a}o em Nuvem},
	Year = {2010},
	Bdsk-File-1 = {YnBsaXN0MDDUAQIDBAUGJCVYJHZlcnNpb25YJG9iamVjdHNZJGFyY2hpdmVyVCR0b3ASAAGGoKgHCBMUFRYaIVUkbnVsbNMJCgsMDRBWJGNsYXNzV05TLmtleXNaTlMub2JqZWN0c4AHog4PgAKAA6IREoAEgAVccmVsYXRpdmVQYXRoWWFsaWFzRGF0YW8QNAAuAC4ALwAuAC4ALwAuAC4ALwBwAHUAYwAvAFQAQwBDAC8AQQByAHQAaQBnAG8AcwAvAEMAbwBtAHAAdQB0AGEAYwMnAGEDAwBvACAAZQBtACAATgB1AHYAZQBtACAAMgAuAHAAZABm0gkXGBlXTlMuZGF0YYAGTxEB1AAAAAAB1AACAAAMTWFjaW50b3NoIEhEAAAAAAAAAAAAAAAAAAAAzizr+kgrAAABIAQTGUNvbXB1dGGNi28gZW0gTnV2ZW0gMi5wZGYAAAAAAAAAAAAAAAAAAAAAAAAAAAAAAAAAAAAAAAAAAAAAAAAAAAEgCKjPgMUbAAAAAAAAAAAAAQACAAAJIAAAAAAAAAAAAAAAAAAAAAdBcnRpZ29zAAAQAAgAAM4tFioAAAARAAgAAM+A70sAAAABABgBIAQTALsnFgC7JxUAuybcADhCkwAAk/EAAgBKTWFjaW50b3NoIEhEOlVzZXJzOkJydW5vOkRyb3Bib3g6UFVDOlRDQzpBcnRpZ29zOkNvbXB1dGGNi28gZW0gTnV2ZW0gMi5wZGYADgA4ABsAQwBvAG0AcAB1AHQAYQBjAycAYQMDAG8AIABlAG0AIABOAHUAdgBlAG0AIAAyAC4AcABkAGYADwAaAAwATQBhAGMAaQBuAHQAbwBzAGgAIABIAEQAEgBBVXNlcnMvQnJ1bm8vRHJvcGJveC9wdWMvVENDL0FydGlnb3MvQ29tcHV0YWPMp2HMg28gZW0gTnV2ZW0gMi5wZGYAABMAAS8AABUAAgAM//8AANIbHB0eWiRjbGFzc25hbWVYJGNsYXNzZXNdTlNNdXRhYmxlRGF0YaMdHyBWTlNEYXRhWE5TT2JqZWN00hscIiNcTlNEaWN0aW9uYXJ5oiIgXxAPTlNLZXllZEFyY2hpdmVy0SYnVHJvb3SAAQAIABEAGgAjAC0AMgA3AEAARgBNAFQAXABnAGkAbABuAHAAcwB1AHcAhACOAPkA/gEGAQgC4ALlAvAC+QMHAwsDEgMbAyADLQMwA0IDRQNKAAAAAAAAAgEAAAAAAAAAKAAAAAAAAAAAAAAAAAAAA0w=}}
