%% This BibTeX bibliography file was created using BibDesk.
%% http://bibdesk.sourceforge.net/


%% Created for Bruno Motta at 2014-05-30 20:02:39 -0300 


%% Saved with string encoding Unicode (UTF-8) 



@article{tag-2,
	Author = {Maria Clara Aquino},
	Date-Added = {2014-05-30 19:10:29 -0300},
	Date-Modified = {2014-05-30 19:12:56 -0300},
	Journal = {Revista da Associa{\c c}{\~a}o Nacional dos Programas de P{\'o}s-Gradua{\c c}{\~a}o em Comunica{\c c}{\~a}o},
	Month = {ago.},
	Title = {Hipertexto 2.0, folksonomia   e mem{\'o}ria coletiva:   Um estudo das tags na organiza{\c c}{\~a}o da web},
	Url = {http://www.compos.org.br/seer/index.php/e-compos/article/viewFile/165/166},
	Urlaccessdate = {30 maio 2014},
	Year = {2007}}

@webpage{tag,
	Author = {OBVIOUS{ }MAGAZINE},
	Date-Added = {2014-05-30 19:06:25 -0300},
	Date-Modified = {2014-05-30 20:02:36 -0300},
	Title = {WEB 2.0 - TAGS},
	Url = {http://obviousmag.org/archives/2006/08/web_20_tags.html},
	Urlaccessdate = {30 maio 2014},
	Year = {2006}}

@article{inteligencia-coletiva-2,
	Author = {Jean Fran{\c c}ois Noubel},
	Date-Added = {2014-05-30 12:12:00 -0300},
	Date-Modified = {2014-05-30 12:16:46 -0300},
	Title = {Collective Intelligence, The Invisible Revolution},
	Url = {http://www.oss.net/dynamaster/file_archive/070118/14da9d70ab635fb6f161a44fbf08dd75/Noubel%20on%20Collective%20Intelligence.pdf},
	Urlaccessdate = {30 maio 2014},
	Year = {2004}}

@book{inteligencia-coletiva,
	Author = {Pierre L{\'e}vy},
	Date-Added = {2014-05-26 18:23:35 -0300},
	Date-Modified = {2014-05-26 18:26:00 -0300},
	Publisher = {Loyola},
	Title = {A intelig{\^e}ncia coletiva: por uma antropologia do ciberespa{\c c}o},
	Year = {2003}}

@article{inteligencia-coletiva-web,
	Address = {Cidade de Jo{\~a}o Pessoa, Estado da Para{\'\i}ba, Brasil},
	Author = {Ilza Almeida {de} Andrade and Decio Wey Berti Junior and Maria{ }In{\^e}s Toma{\'e}l and Renato{ }Junior Moreira Corgosinho},
	Date-Added = {2014-05-26 18:11:31 -0300},
	Date-Modified = {2014-05-30 12:17:06 -0300},
	Journal = {Perspectivas em Gest{\~a}o \& Conhecimento},
	Month = {out},
	Pages = {27-43},
	Title = {INTELIG{\^E}NCIA COLETIVA E FERRAMENTAS WEB 2.0: A BUSCA DA GEST{\~A}O DA INFORMA{\c C}{\~A}O E DO CONHECIMENTO EM ORGANIZA{\c C}{\~O}ES},
	Url = {http://periodicos.ufpb.br/ojs/index.php/pgc/article/view/10385/6101},
	Urlaccessdate = {20 maio 2014},
	Volume = {1},
	Year = {2011},
	Bdsk-Url-1 = {http://periodicos.ufpb.br/ojs/index.php/pgc/article/view/10385/6101}}

@article{google,
	Author = {PEREIRA{ }JUNIOR, E. A},
	Date-Added = {2014-05-26 17:47:04 -0300},
	Date-Modified = {2014-05-30 12:17:11 -0300},
	Journal = {Saber Digital: Revista Eletr{\^o}nica do CESVA},
	Number = {1},
	Pages = {18-32},
	Title = {GOOGLE: FERRAMENTA DE BUSCA DE INFORMA{\c C}{\~A}O NA WEB GOOGLE: FERRAMENTA DE BUSCA DE INFORMA{\c C}{\~A}O NA WEB},
	Url = {http://www.faa.edu.br/revista/v1_n1_art02.pdf},
	Urlaccessdate = {20 maio 2014},
	Volume = {1},
	Year = {2008},
	Bdsk-Url-1 = {http://www.faa.edu.br/revista/v1_n1_art02.pdf}}

@url{web2.0,
	Author = {Tim O'Reilly},
	Date-Added = {2014-05-26 17:33:18 -0300},
	Date-Modified = {2014-05-30 12:16:55 -0300},
	Month = {Set.},
	Title = {What Is Web 2.0},
	Url = {http://oreilly.com/web2/archive/what-is-web-20.html},
	Urlaccessdate = {20 maio 2014},
	Year = {2005},
	Bdsk-Url-1 = {http://oreilly.com/web2/archive/what-is-web-20.html}}

@url{web,
	Author = {Lu{\'\i}sa Barwinski},
	Date-Added = {2014-05-26 17:07:08 -0300},
	Date-Modified = {2014-05-30 12:17:29 -0300},
	Month = {3},
	Title = {A World Wide Web completa 20 anos, conhe{\c c}a como ela surgiu},
	Url = {http://www.tecmundo.com.br/historia/1778-a-world-wide-web-completa-20-anos-conheca-como-ela-surgiu.htm},
	Urlaccessdate = {20 maio 2014},
	Year = {2009},
	Bdsk-Url-1 = {http://www.tecmundo.com.br/historia/1778-a-world-wide-web-completa-20-anos-conheca-como-ela-surgiu.htm}}

@url{ARPANET,
	Author = {Infop{\'e}dia},
	Date-Added = {2014-05-26 15:40:28 -0300},
	Date-Modified = {2014-05-30 12:17:27 -0300},
	Editor = {Porto Editora},
	Title = {ARPANET},
	Url = {http://www.infopedia.pt/$arpanet},
	Urlaccessdate = {20 maio 2014},
	Year = {2014},
	Bdsk-Url-1 = {http://www.infopedia.pt/$arpanet}}

@url{historia-internt,
	Author = {Nilton Kleina},
	Date-Added = {2014-05-26 14:32:23 -0300},
	Date-Modified = {2014-05-30 12:17:37 -0300},
	Lastchecked = {20.5.2014},
	Month = {05},
	Title = {A hist{\'o}ria da Internet: pr{\'e}-d{\'e}cada de 60 at{\'e} anos 80},
	Url = {http://www.tecmundo.com.br/infografico/9847-a-historia-da-internet-pre-decada-de-60-ate-anos-80-infografico-.htm},
	Urlaccessdate = {20 maio 2014},
	Year = {2011},
	Bdsk-Url-1 = {http://www.tecmundo.com.br/infografico/9847-a-historia-da-internet-pre-decada-de-60-ate-anos-80-infografico-.htm}}
